<record><leader>00000cas a2200000 a 4500</leader><controlfield tag="001">664030862</controlfield><controlfield tag="008">100914c19989999caumr ne      0    0eng c</controlfield><datafield ind1=" " ind2=" " tag="010"><subfield code="a">sn2010271078</subfield></datafield><datafield ind1=" " ind2=" " tag="040"><subfield code="a">CNK</subfield><subfield code="b">eng</subfield><subfield code="c">CNK</subfield><subfield code="d">OCLCQ</subfield><subfield code="d">OCLCF</subfield><subfield code="d">OCLCO</subfield></datafield><datafield ind1="1" ind2=" " tag="029"><subfield code="a">AU@</subfield><subfield code="b">000046037894</subfield></datafield><datafield ind1=" " ind2=" " tag="042"><subfield code="a">pcc</subfield></datafield><datafield ind1=" " ind2=" " tag="043"><subfield code="a">n-us-ca</subfield></datafield><datafield ind1="0" ind2=" " tag="130"><subfield code="a">Good life (Paradise, Calif.)</subfield></datafield><datafield ind1="1" ind2="4" tag="245"><subfield code="a">The good life.</subfield></datafield><datafield ind1="1" ind2="3" tag="246"><subfield code="a">Butte County senior post the good life</subfield></datafield><datafield ind1=" " ind2=" " tag="260"><subfield code="a">Paradise, CA :</subfield><subfield code="b">Paradise Post</subfield></datafield><datafield ind1=" " ind2=" " tag="300"><subfield code="a">v.</subfield></datafield><datafield ind1=" " ind2=" " tag="310"><subfield code="a">Monthly</subfield></datafield><datafield ind1="0" ind2=" " tag="362"><subfield code="a">Vol. 7, no. 9 (June 1998)-</subfield></datafield><datafield ind1=" " ind2=" " tag="500"><subfield code="a">"Butte County Senior Post" appears in much smaller print below "The Good Life."</subfield></datafield><datafield ind1=" " ind2=" " tag="530"><subfield code="a">Master negatives are available for duplication from:</subfield><subfield code="b">California Newspaper Microfilm Archive;</subfield><subfield code="c">positive copies may be purchased by the reel; for further information consult the CNMA at:</subfield><subfield code="u">http://cbsr.ucr.edu</subfield></datafield><datafield ind1=" " ind2="0" tag="651"><subfield code="a">Paradise (Calif.)</subfield><subfield code="v">Newspapers.</subfield></datafield><datafield ind1=" " ind2="7" tag="655"><subfield code="a">Newspapers.</subfield><subfield code="2">fast</subfield><subfield code="0">(OCoLC)fst01423814</subfield></datafield><datafield ind1=" " ind2="7" tag="651"><subfield code="a">California</subfield><subfield code="z">Paradise.</subfield><subfield code="2">fast</subfield><subfield code="0">(OCoLC)fst01214297</subfield></datafield><datafield ind1=" " ind2=" " tag="752"><subfield code="a">United States</subfield><subfield code="b">California</subfield><subfield code="c">Butte</subfield><subfield code="d">Paradise.</subfield></datafield><datafield ind1="0" ind2="0" tag="780"><subfield code="t">Butte County senior post</subfield><subfield code="w">(DLC)sn2010271077</subfield></datafield></record>